% report.bib

@misc{paletton,
    title = {Paletton - The Color Scheme Designer},
    author = {Paletton},
    url = {https://paletton.com},
    urldate={2022-05-19}
}